<?xml version="1.0" encoding="UTF-8"?><collection xmlns="http://www.loc.gov/MARC21/slim"><record><leader>00403nam--2200181-u-4500</leader><controlfield tag="001">000056687</controlfield><controlfield tag="002">20161230</controlfield><controlfield tag="005">20161230201052</controlfield><controlfield tag="008">160412s1000------------r-----000-0-rus-d</controlfield><datafield ind1=" " ind2=" " tag="040"><subfield code="a">IFIN-HH</subfield></datafield><datafield ind1=" " ind2=" " tag="041"><subfield code="a">rus</subfield></datafield><datafield ind1=" " ind2=" " tag="080"><subfield code="a">53.001.5</subfield></datafield><datafield ind1="1" ind2=" " tag="100" /><datafield ind1="1" ind2="0" tag="245"><subfield code="a">Razvitie sovremennoi fiziki</subfield><subfield code="c">Akaddemiia nauk SSSR</subfield></datafield><datafield ind1=" " ind2=" " tag="260"><subfield code="a">Moskva</subfield><subfield code="b">Izdatelstvo Nauka</subfield><subfield code="c">1964</subfield></datafield><datafield ind1=" " ind2=" " tag="300"><subfield code="a">329</subfield></datafield><datafield ind1="1" ind2=" " tag="700" /><datafield ind1=" " ind2=" " tag="852"><subfield code="a">9787</subfield></datafield></record></collection>